@Article{tidyverse,
    title = {Welcome to the {tidyverse}},
    author = {Hadley Wickham and Mara Averick and Jennifer Bryan and Winston Chang and Lucy D'Agostino McGowan and Romain Fran\c{c}ois and Garrett Grolemund and Alex Hayes and Lionel Henry and Jim Hester and Max Kuhn and Thomas Lin Pedersen and Evan Miller and Stephan Milton Bache and Kirill M{\"u}ller and Jeroen Ooms and David Robinson and Dana Paige Seidel and Vitalie Spinu and Kohske Takahashi and Davis Vaughan and Claus Wilke and Kara Woo and Hiroaki Yutani},
    year = {2019},
    journal = {Journal of Open Source Software},
    volume = {4},
    number = {43},
    pages = {1686},
    doi = {10.21105/joss.01686},
  }

@Article{essentia,
    title = {Essentia: An audio analysis library for music information retrieval},
    author = {Bogdanov, D. and Wack, N., et al.},
    year = {2013},
    journal = {International Society for Music Information Retrieval (ISMIR)},
    pages = {493-8},
  }

@Manual{str,
    title = {stringr: Simple, Consistent Wrappers for Common String Operations},
    author = {Hadley Wickham},
    year = {2023},
    note = {R package version 1.5.1},
  }
  
@Manual{jsl,
    title = {The jsonlite package: A practical and consistent mapping between json data and r objects},
    author = {Ooms, J.},
    year = {2014},
    note = {arXiv:1403.2805 [stat.CO]},
  }